@article{recent_advances_ppi_2023,
  title={Recent advances in predicting and modeling protein–protein interactions},
  author={Durham, Jesse and Zhang, Jing and Humphreys, Ian R. and Pei, Jimin and Cong, Qian},
  journal={Trends in Biochemical Sciences},
  volume={48},
  number={6},
  year={2023},
  publisher={Elsevier}
}

@article{pitfalls_ml_ppi_2023,
  title={Pitfalls of machine learning models for protein–protein interaction networks},
  author={Lannelongue, Loïc and Inouye, Michael},
  journal={Bioinformatics},
  volume={40},
  number={2},
  pages={btae012},
  year={2024},
  publisher={Oxford University Press},
  doi={10.1093/bioinformatics/btae012}
}

@article{evolution_language_model_2023,
  title={Simulating 500 million years of evolution with a language model},
  author={Hayes, Thomas and Rao, Roshan and Akin, Halil and Sofroniew, Nicholas J. and Oktay, Deniz and Lin, Zeming and Verkuil, Robert and Tran, Vincent Q. and Deaton, Jonathan and Wiggert, Marius and Badkundri, Rohil and Shafkat, Irhum and Gong, Jun and Derry, Alexander and Molina, Raul S. and Thomas, Neil and Khan, Yousuf A. and Mishra, Chetan and Kim, Carolyn and Bartie, Liam J. and Nemeth, Matthew and Hsu, Patrick D. and Sercu, Tom and Candido, Salvatore and Rives, Alexander},
  journal={Science},
  volume={387},
  pages={850--858},
  year={2025},
  publisher={American Association for the Advancement of Science}
}

@article{tapioca_ppi_2024,
  title={Tapioca: a platform for predicting de novo protein–protein interactions in dynamic contexts},
  author={Reed, Tavis J. and Tyl, Matthew D. and Tadych, Alicja and Troyanskaya, Olga G. and Cristea, Ileana M.},
  journal={Nature Methods},
  year={2024},
  publisher={Nature Publishing Group},
  doi={10.1038/s41592-024-02179-9}
}

@article{hayes2024simulating,
  title={Simulating 500 million years of evolution with a language model},
  author={Hayes, Thomas and Rao, Roshan and Akin, Halil and Sofroniew, Nicholas J. and Oktay, Deniz and Lin, Zeming and Verkuil, Robert and Tran, Vincent Q. and Deaton, Jonathan and Wiggert, Marius and others},
  journal={bioRxiv},
  year={2024},
  doi={10.1101/2024.07.01.600583}
}

@misc{esm_cambrian_2024,
  author = {{ESM Team}},
  title = {ESM Cambrian: Revealing the mysteries of proteins with unsupervised learning},
  year = {2024},
  publisher = {EvolutionaryScale Website},
  url = {https://evolutionaryscale.ai/blog/esm-cambrian}
}

@inproceedings{alexander1995template,
  title={Template-based algorithms for connectionist rule extraction},
  author={Alexander, J.A. and Mozer, M.C.},
  booktitle={Advances in Neural Information Processing Systems 7},
  pages={609--616},
  year={1995},
  publisher={MIT Press},
  address={Cambridge, MA}
}

@book{bower1995book,
  title={The Book of GENESIS: Exploring Realistic Neural Models with the GEneral NEural SImulation System},
  author={Bower, J.M. and Beeman, D.},
  year={1995},
  publisher={TELOS/Springer--Verlag},
  address={New York}
}

@article{hasselmo1995dynamics,
  title={Dynamics of learning and recall at excitatory recurrent synapses and cholinergic modulation in rat hippocampal region CA3},
  author={Hasselmo, M.E. and Schnell, E. and Barkai, E.},
  journal={Journal of Neuroscience},
  volume={15},
  number={7},
  pages={5249--5262},
  year={1995}
} 